@misc{hse-pred,
	title="Методы и модели социально-экономического прогнозирования : учебник и практикум для академического бакалавриата. В 2-х т. Т. 1. Теория и методология прогнозирования / И. С. Светуньков, С. Г. Светуньков. — М. : Издательство Юрайт, 2014. — 351 с. — Серия : Бакалавр. Академический курс."}
	
@misc{bel-prog, 
	title="Касперович С.А. Прогнозирование и планирование экономики : курс лекций для студентов специальностей 1-25 01 07 «Экономика и управление предприятием», 1-25 01 08 «Бухгалтерский учет, анализ и аудит», 1-26 02 02 «Менеджмент», 1-26 02 03 «Маркетинг» / С. А. Касперович. - Минск. : БГТУ, 2007. - 172 с. "}
	
@misc{met-pred-online,
	title="К. В. Богданов. Методика прогнозирования цен на товары в интернет-магазинах [Электронный ресурс]",
	howpublished="Режим доступа: \url{https://cyberleninka.ru/article/n/metodika-prognozirovaniya-tsen-na-tovary-v-internet-magazinah/viewer} (дата обращения 4.04.2022)"}
	
@misc{kogal, title = "Когаловский М.Р. Энциклопедия технологий баз данных. — М.: Финансы и статистика, 2002. — 800 с."}
	
@misc{scienceforum, 
	title = "Классификация систем управления базами данных [Электронный ресурс]",
	howpublished = "Режим доступа: \url{https://scienceforum.ru/2016/article/2016019197} (дата обращения 6.04.2022)"}
	
@misc{dbms, 
	title = "Системы управления базами данных [Электронный ресурс]",
	howpublished =  "Режим доступа: \url{https://lecturesdb.readthedocs.io/databases/dbms.html} (дата обращения 8.04.2022)"}
	
@misc{post-rel, 
	title = "Постреляционная, многомерная и объектно-ориентированная модели данных [Электронный ресурс]",
	howpublished = "Режим доступа:  \url{http://bseu.by/it/tohod/lekcii2\_4.htm?ysclid=l3njaseoko} (дата обращения 8.04.2022)"}
	
@misc{lt-exel, 
	title = "Построение линии тренда в Excel [Электронный ресурс]",
	howpublished = "Режим доступа: \url{https://ya-znau.ru/znaniya/zn/202} (дата обращения 9.04.2022)"}
	
@misc{mnk, 
	title = "Линник Ю. В. Метод наименьших квадратов и основы математико-статистической теории обработки наблюдений. — 2-е изд. — М., 1962. (математическая теория)"}
	
@misc{lin-filt, 
	title = "Линейная фильтрация [Электронный ресурс]",
	howpublished = "Режим доступа: \url{https://poznayka.org/s23136t1.html} (дата обращения 9.04.2022)"}
	
@misc{orc-db, 
	title = "Oracle Database [Электронный ресурс]",
	howpublished = "Режим доступа: \url{https://www.oracle.com/database/} (дата обращения 12.04.2022)"}
	
@misc{mssql, 
	title = "Microsoft SQL-Server  [Электронный ресурс]",
	howpublished = "Режим доступа:  \url{https://www.microsoft.com/ru-ru/sql-server/sql-server-2019} (дата обращения 12.04.2022)"}
	
@misc{pg, 
	title = "PostgreSQL [Электронный ресурс]",
	howpublished = "Режим доступа: \url{https://www.postgresql.org/} (дата обращения 12.04.2022)"}
	
@misc{db2, 
	title = "DB2 [Электронный ресурс]",
	howpublished = "Режим доступа: \url{https://www.ibm.com/analytics/db2} (дата обращения 12.04.2022)"}
	
@misc{c-sharp, 
	title = "Документация по C\# [Электронный ресурс]",
	howpublished = "Режим доступа: \url{https://docs.microsoft.com/ru-ru/dotnet/csharp/} (дата обращения 14.04.2022)"}
	
@misc{nuget,
	title = "NuGet [Электронный ресурс]", 
	howpublished = "Режим доступа: \url{https://www.nuget.org/} (дата обращения 14.04.2022)"}
	
@misc{wpf,
	title = "Что такое Windows Presentation Foundation (WPF)? [Электронный ресурс]", 
	howpublished = "Режим доступа:  \url{https://docs.microsoft.com/ru-ru/visualstudio/designers/getting-started-with-wpf?view=vs-2022} (дата обращения 14.04.2022)"}
	
@misc{xaml,
	title = "Обзор XAML (WPF .NET) [Электронный ресурс]",
	howpublished = "Режим доступа:  \url{https://docs.microsoft.com/ru-ru/dotnet/desktop/wpf/xaml/?view=netdesktop-6.0} (дата обращения 14.04.2022)"}
	
@misc{vs, 
	title = "Visual Studio [Электронный ресурс]",
	howpublished = "Режим доступа:  \url{https://visualstudio.microsoft.com/ru/} (дата обращения 14.04.2022)"}